@article{linear,
author = {Gentilini, Raffaella and Piazza, Carla and Policriti, Alberto},
year = {2008},
month = {01},
pages = {120-158},
title = {Symbolic Graphs: Linear Solutions to Connectivity Related Problems},
volume = {50},
journal = {Algorithmica},
doi = {10.1007/s00453-007-9079-5}
}